@article{workman2017determination,
  title     = {Determination of Rayleigh wave ellipticity across the Earthscope Transportable Array using single-station and array-based processing of ambient seismic noise},
  author    = {Workman, Eli and Lin, Fan-Chi and Koper, Keith D},
  journal   = {Geophysical Supplements to the Monthly Notices of the Royal Astronomical Society},
  volume    = {208},
  number    = {1},
  pages     = {234--245},
  year      = {2017},
  publisher = {The Royal Astronomical Society}
}

@article{becker2018crustal,
  title     = {Crustal thickness across the Trans-European Suture Zone from ambient noise autocorrelations},
  author    = {Becker, Gesa and Knapmeyer-Endrun, Brigitte},
  journal   = {Geophysical Journal International},
  volume    = {212},
  number    = {2},
  pages     = {1237--1254},
  year      = {2018},
  publisher = {Oxford University Press}
}

@article{berbellini2019constraining,
  title     = {Constraining S-wave velocity using Rayleigh wave ellipticity from polarization analysis of seismic noise},
  author    = {Berbellini, Andrea and Schimmel, Martin and Ferreira, Ana MG and Morelli, Andrea},
  journal   = {Geophysical Journal International},
  volume    = {216},
  number    = {3},
  pages     = {1817--1830},
  year      = {2019},
  publisher = {Oxford University Press}
}

@article{wathelet2008array,
  title     = {Array performances for ambient vibrations on a shallow structure and consequences over V s inversion},
  author    = {Wathelet, Marc and Jongmans, Denis and Ohrnberger, Matthias and Bonnefoy-Claudet, Sylvette},
  journal   = {Journal of Seismology},
  volume    = {12},
  number    = {1},
  pages     = {1--19},
  year      = {2008},
  publisher = {Springer}
}

@article{menke1989geophysical,
  title   = {Geophysical data analysis: Discrete inverse theory, volume 45 of},
  author  = {Menke, William},
  journal = {International geophysics series},
  year    = {1989}
}

@article{herrmann2013computer,
  title     = {Computer programs in seismology: An evolving tool for instruction and research},
  author    = {Herrmann, Robert B},
  journal   = {Seismological Research Letters},
  volume    = {84},
  number    = {6},
  pages     = {1081--1088},
  year      = {2013},
  publisher = {Seismological Society of America}
}

@article{de2009filtragem,
  title  = {FILTRAGEM DE EVENTOS LINEARES NOS DADOS SISMICOS UTILIZANDO DERIVADA DIRECIONAL BIDIMENSIONAL},
  author = {DE OLIVEIRA, VINICIUS QUEIROZ},
  year   = {2009}
}

@article{nakamura1989method,
  title   = {A method for dynamic characteristics estimation of subsurface using microtremor on the ground surface},
  author  = {Nakamura, Yutaka},
  journal = {Railway Technical Research Institute, Quarterly Reports},
  volume  = {30},
  number  = {1},
  year    = {1989}
}

@article{field1993theoretical,
  title     = {The theoretical response of sedimentary layers to ambient seismic noise},
  author    = {Field, Edward and Jacob, Klaus},
  journal   = {Geophysical research letters},
  volume    = {20},
  number    = {24},
  pages     = {2925--2928},
  year      = {1993},
  publisher = {Wiley Online Library}
}

@article{bonilla1997site,
  title     = {Site amplification in the San Fernando Valley, California: variability of site-effect estimation using the S-wave, coda, and H/V methods},
  author    = {Bonilla, Luis Fabian and Steidl, Jamison H and Lindley, Grant T and Tumarkin, Alexei G and Archuleta, Ralph J},
  journal   = {Bulletin of the Seismological Society of America},
  volume    = {87},
  number    = {3},
  pages     = {710--730},
  year      = {1997},
  publisher = {The Seismological Society of America}
}

@article{konno1998ground,
  title     = {Ground-motion characteristics estimated from spectral ratio between horizontal and vertical components of microtremor},
  author    = {Konno, Katsuaki and Ohmachi, Tatsuo},
  journal   = {Bulletin of the Seismological Society of America},
  volume    = {88},
  number    = {1},
  pages     = {228--241},
  year      = {1998},
  publisher = {The Seismological Society of America}
}

@article{riepl1998detailed,
  title     = {Detailed evaluation of site-response estimation methods across and along the sedimentary valley of Volvi (EURO-SEISTEST)},
  author    = {Riepl, J and Bard, P-Y and Hatzfeld, D and Papaioannou, Ch and Nechtschein, S},
  journal   = {Bulletin of the Seismological Society of America},
  volume    = {88},
  number    = {2},
  pages     = {488--502},
  year      = {1998},
  publisher = {The Seismological Society of America}
}

@article{parolai2002new,
  title     = {New relationships between Vs, thickness of sediments, and resonance frequency calculated by the H/V ratio of seismic noise for the Cologne area (Germany)},
  author    = {Parolai, Stefano and Bormann, P and Milkereit, Claus},
  journal   = {Bulletin of the seismological society of America},
  volume    = {92},
  number    = {6},
  pages     = {2521--2527},
  year      = {2002},
  publisher = {Seismological Society of America}
}

@article{bonnefoy2006nature,
  title     = {The nature of noise wavefield and its applications for site effects studies: A literature review},
  author    = {Bonnefoy-Claudet, Sylvette and Cotton, Fabrice and Bard, Pierre-Yves},
  journal   = {Earth-Science Reviews},
  volume    = {79},
  number    = {3-4},
  pages     = {205--227},
  year      = {2006},
  publisher = {Elsevier}
}

@article{koper2010composition,
  title     = {On the composition of Earth’s short-period seismic noise field},
  author    = {Koper, Keith D and Seats, Kevin and Benz, Harley},
  journal   = {Bulletin of the Seismological Society of America},
  volume    = {100},
  number    = {2},
  pages     = {606--617},
  year      = {2010},
  publisher = {Seismological Society of America}
}

@article{tanimoto2008zh,
  title     = {The ZH ratio method for long-period seismic data: sensitivity kernels and observational techniques},
  author    = {Tanimoto, T and Rivera, Luis},
  journal   = {Geophysical Journal International},
  volume    = {172},
  number    = {1},
  pages     = {187--198},
  year      = {2008},
  publisher = {Blackwell Publishing Ltd}
}

@article{poggi2010estimating,
  title     = {Estimating Rayleigh wave particle motion from three-component array analysis of ambient vibrations},
  author    = {Poggi, Valerio and F{\"a}h, Donat},
  journal   = {Geophysical Journal International},
  volume    = {180},
  number    = {1},
  pages     = {251--267},
  year      = {2010},
  publisher = {Blackwell Publishing Ltd Oxford, UK}
}

@article{lin2014upper,
  title     = {Upper crustal azimuthal anisotropy across the contiguous US determined by Rayleigh wave ellipticity},
  author    = {Lin, Fan-Chi and Schmandt, Brandon},
  journal   = {Geophysical Research Letters},
  volume    = {41},
  number    = {23},
  pages     = {8301--8307},
  year      = {2014},
  publisher = {Wiley Online Library}
}

@article{lin20143,
  title     = {3-D crustal structure of the western United States: application of Rayleigh-wave ellipticity extracted from noise cross-correlations},
  author    = {Lin, Fan-Chi and Tsai, Victor C and Schmandt, Brandon},
  journal   = {Geophysical Journal International},
  volume    = {198},
  number    = {2},
  pages     = {656--670},
  year      = {2014},
  publisher = {Oxford University Press}
}

@article{ullah2016thickness,
  title   = {Thickness and shear wave velocity measurement of sediment package at meteorite impact crater site of Colonia, Sao Paulo City, Brazil},
  author  = {Ullah, Irfan and Prado, Renato Luiz and Hussain, Yawar},
  journal = {VII SimBGf},
  year    = {2016}
}

@article{sadowski1974tectonica,
  title   = {Tect{\^o}nica da serra de Cubat{\~a}o},
  author  = {Sadowski, GR},
  journal = {S{\~a}o Paulo},
  year    = {1974}
}

@article{riccomini2011colonia,
  title     = {The Col{\^o}nia structure, S{\~a}o Paulo, Brazil},
  author    = {Riccomini, Claudio and Crosta, Alvaro P and Prado, Renato L and LEDRU, Marie-Pierre and Turcq, Bruno J and SANT’ANNA, Lucy G and Ferrari, Jose A and Reimold, W Uwe},
  journal   = {Meteoritics \& Planetary Science},
  volume    = {46},
  number    = {11},
  pages     = {1630--1639},
  year      = {2011},
  publisher = {Wiley Online Library}
}

@inproceedings{riccomini1989colonia,
  title     = {The Col{\^o}nia astrobleme excursion field guide},
  author    = {Riccomini, C and Turcq, B and Martin, L},
  booktitle = {International Symposium on Global Changes in South America During the Quaternary: Past, Present and Future. Sao Paulo: ABEQUA/ INQUA},
  year      = {1989}
}
